@misc{DaimCityDaSe,
  doi = {10.48550/ARXIV.1604.01685},
  url = {https://arxiv.org/abs/1604.01685},
  author = {Cordts, Marius and Omran, Mohamed and Ramos, Sebastian and Rehfeld, Timo and Enzweiler, Markus and Benenson, Rodrigo and Franke, Uwe and Roth, Stefan and Schiele, Bernt},
  keywords = {Computer Vision and Pattern Recognition (cs.CV), FOS: Computer and information sciences, FOS: Computer and information sciences},
  title = {The Cityscapes Dataset for Semantic Urban Scene Understanding},
  publisher = {arXiv},
  year = {2016},
  copyright = {arXiv.org perpetual, non-exclusive license}
}

@article{EnPhEn,
    title = {Enhancing Photorealism Enhancement},
    author = {Stephan R. Richter and Hassan Abu AlHaija and Vladlen Koltun},
    journal= {arXiv:2105.04619},
    year = {2021},
}

@misc{ImTImTr,
  doi = {10.48550/ARXIV.2101.08629},
  
  url = {https://arxiv.org/abs/2101.08629},
  
  author = {Pang, Yingxue and Lin, Jianxin and Qin, Tao and Chen, Zhibo},
  
  keywords = {Computer Vision and Pattern Recognition (cs.CV), FOS: Computer and information sciences, FOS: Computer and information sciences},
  
  title = {Image-to-Image Translation: Methods and Applications},
  
  publisher = {arXiv},
  
  year = {2021},
  
  copyright = {arXiv.org perpetual, non-exclusive license}
}

@inproceedings{CycleGAN2017,
  title={Unpaired Image-to-Image Translation using Cycle-Consistent Adversarial Networks},
  author={Zhu, Jun-Yan and Park, Taesung and Isola, Phillip and Efros, Alexei A},
  booktitle={Computer Vision (ICCV), 2017 IEEE International Conference on},
  year={2017}
}

@InProceedings{Mspc,
    author    = {Xu, Yanwu and Xie, Shaoan and Wu, Wenhao and Zhang, Kun and Gong, Mingming and Batmanghelich, Kayhan},
    title     = {Maximum Spatial Perturbation Consistency for Unpaired Image-to-Image Translation},
    booktitle = {Proceedings of the IEEE/CVF Conference on Computer Vision and Pattern Recognition (CVPR)},
    month     = {June},
    year      = {2022},
    pages     = {18311-18320}
}

@misc{CycleGANRepo,
  url = {https://github.com/junyanz/pytorch-CycleGAN-and-pix2pix},
  author = {Jun-Yan Zhu, Taesung Park and Tongzhou Wang},
  keywords = {Computer Vision and Pattern Recognition (cs.CV), FOS: Computer and information sciences, FOS: Computer and information sciences},
  title = {CycleGAN and pix2pix in PyTorch},
  year = {2022}
}

@article{CocoDataset,
  author    = {Tsung{-}Yi Lin and Michael Maire and Serge J. Belongie and Lubomir D. Bourdev and Ross B. Girshick and James Hays and Pietro Perona and Deva Ramanan and Piotr Doll{'{a} }r and C. Lawrence Zitnick},
  title     = {Microsoft {COCO:} Common Objects in Context},
  journal   = {CoRR},
  volume    = {abs/1405.0312},
  year      = {2014},
  url       = {http://arxiv.org/abs/1405.0312},
  archivePrefix = {arXiv},
  eprint    = {1405.0312},
  timestamp = {Mon, 13 Aug 2018 16:48:13 +0200},
  biburl    = {https://dblp.org/rec/bib/journals/corr/LinMBHPRDZ14},
  bibsource = {dblp computer science bibliography, https://dblp.org}
}

@misc{CenterNet,
  doi = {10.48550/ARXIV.2204.08394},
  
  url = {https://arxiv.org/abs/2204.08394},
  
  author = {Duan, Kaiwen and Bai, Song and Xie, Lingxi and Qi, Honggang and Huang, Qingming and Tian, Qi},
  
  keywords = {Computer Vision and Pattern Recognition (cs.CV), Artificial Intelligence (cs.AI), FOS: Computer and information sciences, FOS: Computer and information sciences},
  
  title = {CenterNet++ for Object Detection},
  
  publisher = {arXiv},
  
  year = {2022},
  
  copyright = {Creative Commons Attribution 4.0 International}
}

@misc{OrigGan,
  doi = {10.48550/ARXIV.1406.2661},
  
  url = {https://arxiv.org/abs/1406.2661},
  
  author = {Goodfellow, Ian J. and Pouget-Abadie, Jean and Mirza, Mehdi and Xu, Bing and Warde-Farley, David and Ozair, Sherjil and Courville, Aaron and Bengio, Yoshua},
  
  keywords = {Machine Learning (stat.ML), Machine Learning (cs.LG), FOS: Computer and information sciences, FOS: Computer and information sciences},
  
  title = {Generative Adversarial Networks},
  
  publisher = {arXiv},
  
  year = {2014},
  
  copyright = {arXiv.org perpetual, non-exclusive license}
}

@misc{BDD100K,
  doi = {10.48550/ARXIV.1805.04687},
  
  url = {https://arxiv.org/abs/1805.04687},
  
  author = {Yu, Fisher and Chen, Haofeng and Wang, Xin and Xian, Wenqi and Chen, Yingying and Liu, Fangchen and Madhavan, Vashisht and Darrell, Trevor},
  
  keywords = {Computer Vision and Pattern Recognition (cs.CV), FOS: Computer and information sciences, FOS: Computer and information sciences},
  
  title = {BDD100K: A Diverse Driving Dataset for Heterogeneous Multitask Learning},
  
  publisher = {arXiv},
  
  year = {2018},
  
  copyright = {arXiv.org perpetual, non-exclusive license}
}

@article{FidStart,
  doi = {10.48550/ARXIV.1706.08500},
  
  url = {https://arxiv.org/abs/1706.08500},
  
  author = {Heusel, Martin and Ramsauer, Hubert and Unterthiner, Thomas and Nessler, Bernhard and Hochreiter, Sepp},
  
  keywords = {Machine Learning (cs.LG), Machine Learning (stat.ML), FOS: Computer and information sciences, FOS: Computer and information sciences},
  
  title = {GANs Trained by a Two Time-Scale Update Rule Converge to a Local Nash Equilibrium},
  
  publisher = {arXiv},
  
  year = {2017},
  
  copyright = {arXiv.org perpetual, non-exclusive license}
}


@misc{DiffStart,
      title={Deep Unsupervised Learning using Nonequilibrium Thermodynamics}, 
      author={Jascha Sohl-Dickstein and Eric A. Weiss and Niru Maheswaranathan and Surya Ganguli},
      year={2015},
      eprint={1503.03585},
      archivePrefix={arXiv},
      primaryClass={cs.LG}
}

@misc{DiffFirst,
      title={Denoising Diffusion Probabilistic Models}, 
      author={Jonathan Ho and Ajay Jain and Pieter Abbeel},
      year={2020},
      eprint={2006.11239},
      archivePrefix={arXiv},
      primaryClass={cs.LG}
}

@misc{ControlNetSeg,
  doi = {10.48550/ARXIV.2302.05543},
  url = {https://arxiv.org/abs/2302.05543},
  author = {Zhang, Lvmin and Agrawala, Maneesh},
  keywords = {Computer Vision and Pattern Recognition (cs.CV), Artificial Intelligence (cs.AI), Graphics (cs.GR), Human-Computer Interaction (cs.HC), Multimedia (cs.MM), FOS: Computer and information sciences, FOS: Computer and information sciences},
  title = {Adding Conditional Control to Text-to-Image Diffusion Models},
  publisher = {arXiv},
  year = {2023},
  copyright = {arXiv.org perpetual, non-exclusive license}
}

@misc{ControlNet,
      title={Adding Conditional Control to Text-to-Image Diffusion Models}, 
      author={Lvmin Zhang and Maneesh Agrawala},
      year={2023},
      eprint={2302.05543},
      archivePrefix={arXiv},
      primaryClass={cs.CV}
}

@misc{StableDiffusion,
      title={High-Resolution Image Synthesis with Latent Diffusion Models}, 
      author={Robin Rombach and Andreas Blattmann and Dominik Lorenz and Patrick Esser and Bj√∂rn Ommer},
      year={2021},
      eprint={2112.10752},
      archivePrefix={arXiv},
      primaryClass={cs.CV}
}

@article{InstructPix2Pix,
  title={InstructPix2Pix: Learning to Follow Image Editing Instructions},
  author={Brooks, Tim and Holynski, Aleksander and Efros, Alexei A},
  journal={arXiv preprint arXiv:2211.09800},
  year={2022}
}

@ARTICLE{SSIM,
  author={Zhou Wang and Bovik, A.C. and Sheikh, H.R. and Simoncelli, E.P.},
  journal={IEEE Transactions on Image Processing}, 
  title={Image quality assessment: from error visibility to structural similarity}, 
  year={2004},
  volume={13},
  number={4},
  pages={600-612},
  doi={10.1109/TIP.2003.819861}}
